@article{1_hardison2003comparative,
	title={Comparative genomics},
	author={Hardison, Ross C},
	journal={PLoS biology},
	volume={1},
	number={2},
	pages={e58},
	year={2003},
	publisher={Public Library of Science San Francisco, USA}
}

@misc{Neo4j,
	title = {Neo4j documentation [Электронный ресурс]},
	howpublished = {https://neo4j.com/docs/},
	note = {(Дата обращения: 15.10.2021)}
}

@misc{Neo4j_stat,
	title = {Neo4j statistics and execution plans [Электронный ресурс]},
	
	howpublished = {https://neo4j.com/docs/operations-manual/current/performance/statistics-execution-plans/},
	note = {(Дата обращения: 15.10.2021)}
}

@misc{Neo4j_mem,
	title = {Neo4j memory configuration [Электронный ресурс]},
	
	howpublished = {https://neo4j.com/docs/operations-manual/current/performance/memory-configuration/},
	note = {(Дата обращения: 17.10.2021)}
}

@misc{Neo4j_apoc,
	title = {Neo4j APOC Library [Электронный ресурс]},
	
	howpublished = {https://neo4j.com/developer/neo4j-apoc/},
	note = {(Дата обращения: 15.10.2021)}
}

@misc{AWK,
	title = {The GNU Awk User’s Guide [Электронный ресурс]},
	howpublished = {https://www.gnu.org/software/gawk/manual/gawk.html},
	note = {(Дата обращения: 15.10.2021)}
}


@misc{GenBank,
	title = {GenBank Overview [Электронный ресурс]},
	
	howpublished = {https://www.ncbi.nlm.nih.gov/genbank/},
	note = {(Дата обращения: 15.10.2021)}
}

@misc{GenBank_fasta,
	title = {FASTA Format for Nucleotide Sequences [Электронный ресурс]},
	
	howpublished = {https://www.ncbi.nlm.nih.gov/genbank/fastaformat/},
	note = {(Дата обращения: 15.10.2021)}
}

@article{kokot2017kmc,
	title={KMC 3: counting and manipulating k-mer statistics},
	author={Kokot, Marek and D{\l}ugosz, Maciej and Deorowicz, Sebastian},
	journal={Bioinformatics},
	volume={33},
	number={17},
	pages={2759--2761},
	year={2017},
	publisher={Oxford University Press}
}

@misc{iupac,
	title = {The International Union of Pure and Applied Chemistry [Электронный ресурс]},
	howpublished = {https://iupac.org},
	note = {(Дата обращения: 15.10.2021)}
}

@misc{1001Genomes,
	author = {Max Planck Institute for Developmental Biology},
	title = {A Catalog of Arabidopsis thaliana Genetic Variation.},
	
	howpublished = {https://1001genomes.org/},
	note = {(Дата обращения: 15.10.2021)}
}

@article{2_pearson2013introduction,
	title={An introduction to sequence similarity (“homology”) searching},
	author={Pearson, William R},
	journal={Current protocols in bioinformatics},
	volume={42},
	number={1},
	pages={3--1},
	year={2013},
	publisher={Wiley misc Library}
}

@inproceedings{3_barrick2009genome,
	title={Genome-wide mutational diversity in an evolving population of Escherichia coli},
	author={Barrick, Jeffrey E and Lenski, Richard E},
	booktitle={Cold Spring Harbor symposia on quantitative biology},
	volume={74},
	pages={119--129},
	year={2009},
	organization={Cold Spring Harbor Laboratory Press}
}

@article{4_barnetson2008classification,
	title={Classification of ambiguous mutations in DNA mismatch repair genes identified in a population-based study of colorectal cancer},
	author={Barnetson, Rebecca A and Cartwright, Nicola and van Vliet, Annelot and Haq, Naila and Drew, Kate and Farrington, Susan and Williams, Nicola and Warner, Jon and Campbell, Harry and Porteous, Mary E and others},
	journal={Human mutation},
	volume={29},
	number={3},
	pages={367--374},
	year={2008},
	publisher={Wiley misc Library}
}

@article{5_zhu2017statistical,
	title={Statistical methods for identifying sequence motifs affecting point mutations},
	author={Zhu, Yicheng and Neeman, Teresa and Yap, Von Bing and Huttley, Gavin A},
	journal={Genetics},
	volume={205},
	number={2},
	pages={843--856},
	year={2017},
	publisher={Oxford University Press}
}

@article{6_altschul1990basic,
	title={Basic local alignment search tool},
	author={Altschul, Stephen F and Gish, Warren and Miller, Webb and Myers, Eugene W and Lipman, David J},
	journal={Journal of molecular biology},
	volume={215},
	number={3},
	pages={403--410},
	year={1990},
	publisher={Elsevier}
}

@article{7_altschul1997gapped,
	title={Gapped BLAST and PSI-BLAST: a new generation of protein database search programs},
	author={Altschul, Stephen F and Madden, Thomas L and Sch{\"a}ffer, Alejandro A and Zhang, Jinghui and Zhang, Zheng and Miller, Webb and Lipman, David J},
	journal={Nucleic acids research},
	volume={25},
	number={17},
	pages={3389--3402},
	year={1997},
	publisher={Oxford University Press}
}

@article{8_thompson1994clustal,
	title={CLUSTAL W: improving the sensitivity of progressive multiple sequence alignment through sequence weighting, position-specific gap penalties and weight matrix choice},
	author={Thompson, Julie D and Higgins, Desmond G and Gibson, Toby J},
	journal={Nucleic acids research},
	volume={22},
	number={22},
	pages={4673--4680},
	year={1994},
	publisher={Oxford university press}
}

@inproceedings{9_perrey1996fast,
	title={Fast approximation to the NP-hard problem of multiple sequence alignment},
	author={Perrey, Soren W and Stoye, Jens},
	booktitle={Information and Mathematical Sciences Reports, Series B: 96/06 (ISSN},
	year={1996},
	organization={Citeseer}
}

@article{10_sarkar2021determination,
	title={Determination of k-mer density in a DNA sequence and subsequent cluster formation algorithm based on the application of electronic filter},
	author={Sarkar, Bimal Kumar and Sharma, Ashish Ranjan and Bhattacharya, Manojit and Sharma, Garima and Lee, Sang-Soo and Chakraborty, Chiranjib},
	journal={Scientific reports},
	volume={11},
	number={1},
	pages={1--12},
	year={2021},
	publisher={Nature Publishing Group}
}

@article{11_bernard2018k,
	title={K-mer similarity, networks of microbial genomes, and taxonomic rank},
	author={Bernard, Guillaume and Greenfield, Paul and Ragan, Mark A and Chan, Cheong Xin},
	journal={Msystems},
	volume={3},
	number={6},
	pages={e00257--18},
	year={2018},
	publisher={Am Soc Microbiol}
}

@article{12_aguero2020graph,
	title={Graph theory-based sequence descriptors as remote homology predictors},
	author={Ag{\"u}ero-Chapin, Guillermin and Galpert, Deborah and Molina-Ruiz, Reinaldo and Ancede-Gallardo, Evys and P{\'e}rez-Machado, Gisselle and De la Riva, Gustavo A and Antunes, Agostinho},
	journal={Biomolecules},
	volume={10},
	number={1},
	pages={26},
	year={2020},
	publisher={Multidisciplinary Digital Publishing Institute}
}

@article{13_minkin2017twopaco,
	title={TwoPaCo: An efficient algorithm to build the compacted de Bruijn graph from many complete genomes},
	author={Minkin, Ilia and Pham, Son and Medvedev, Paul},
	journal={Bioinformatics},
	volume={33},
	number={24},
	pages={4024--4032},
	year={2017},
	publisher={Oxford University Press}
}

@article{14_billingsley1961statistical,
	title={Statistical methods in Markov chains},
	author={Billingsley, Patrick},
	journal={The annals of mathematical statistics},
	pages={12--40},
	year={1961},
	publisher={JSTOR}
}

@article{15_brandenburger2018multi,
	title={Multi-genome analysis identifies functional and phylogenetic diversity of basidiomycete adenylate-forming reductases},
	author={Brandenburger, Eileen and Braga, Daniel and Kombrink, Anja and Lackner, Gerald and Gressler, Julia and K{\"u}nzler, Markus and Hoffmeister, Dirk},
	journal={Fungal Genetics and Biology},
	volume={112},
	pages={55--63},
	year={2018},
	publisher={Elsevier}
}

@article{16_zekic2018pan,
	title={Pan-genome storage and analysis techniques},
	author={Zekic, Tina and Holley, Guillaume and Stoye, Jens},
	journal={Comparative Genomics},
	pages={29--53},
	year={2018},
	publisher={Springer}
}

@article{17_heath2021computing,
	title={Computing genomic signatures using de Bruijn chains},
	author={Heath, Lenwood S and Pati, Amrita},
	journal={Advances in Computing and Engineering},
	volume={1},
	number={1},
	pages={7--31},
	year={2021}
}

@article{18_minkin2020applications,
	title={Applications of the compacted de bruijn graph in Comparative genomics},
	author={Minkin, Ilia},
	year={2020}
}

@article{19_dabbaghie2021bubblegun,
	title={BubbleGun: Enumerating Bubbles and Superbubbles in Genome Graphs},
	author={Dabbaghie, Fawaz and Ebler, Jana and Marschall, Tobias},
	journal={bioRxiv},
	year={2021},
	publisher={Cold Spring Harbor Laboratory}
}

@article{20_batra2012comparative,
	title={Comparative analysis of relational and graph databases},
	author={Batra, Shalini and Tyagi, Charu},
	journal={International Journal of Soft Computing and Engineering (IJSCE)},
	volume={2},
	number={2},
	pages={509--512},
	year={2012},
	publisher={Citeseer}
}

@article{21_medhi2017relational,
	title={Relational database and graph database: A comparative analysis},
	author={Medhi, Surajit and Baruah, Hemanta K},
	journal={Journal of Process Management. New Technologies},
	volume={5},
	number={2},
	pages={1--9},
	year={2017}
}

@inproceedings{22_miller2013graph,
	title={Graph database applications and concepts with Neo4j},
	author={Miller, Justin J},
	booktitle={Proceedings of the southern association for information systems conference, Atlanta, GA, USA},
	volume={2324},
	number={36},
	year={2013}
}